@book{Bardach2020,
	address = {Washington, D.C},
	edition = {Sixth edition},
	title = {A practical guide for policy analysis: the eightfold path to more effective problem solving},
	isbn = {978-1-5063-6888-7},
	shorttitle = {A practical guide for policy analysis},
	language = {eng},
	publisher = {CQ Press},
	author = {Bardach, Eugene and Patashnik, Eric M.},
	year = {2020},
}
